%1
@ARTICLE{Camo:2015,
  author = {Henry Willyam Camó Cojóm},
  title = {Home automation system as an application to energy efficiency, to manage the use of electrical energy in homes.},
  journal = {Transactions on Mechatronics},
  year = {2015}
}
%2
@ARTICLE{Larousse:1988,
  author = {Enciclopedía Larousse},
  title = {Domotique},
  year = {1988}
}
%3
@ARTICLE{Quezada:2017,
  author = {Matías Nicolás Quezada Oñederra},
  title = {Automatización del hogar},
  year = {2017}
}
%4
@ARTICLE{BOE:2021,
  author = {Agencia Estatal Boletín Oficial del del Estado},
  title = {Reglamento electrotécnico para baja tensión e ITCs},
  journal = {BOE},
  year = {2021},
  pages = {278 - 282},
}
%5
@ARTICLE{Reglamento:2021,
  author = {Equipo de redactores de Arkiplus.com},
  title = {Historia de la Domótica},
  journal = {Arkiplus},
  year = {2017},
}
%6
@ARTICLE{Cortesi:2015,
  author = {Dave Cortesi },
  title = {The First Home Computer},
  year = {2015},
  pages = {278 - 282},
}
%7
@ARTICLE{ONU:2015,
  author = {Asamblea General de las Naciones Unidas},
  title = {Objetivos de Desarrollo Sostenible},
  year = {2015},
}
%8
@ARTICLE{CHM:2016,
  author = {Computer History Museum},
  title = {THE ECHO IV HOME COMPUTER: 50 YEARS LATER},
  year = {2016},
}
%9
@ARTICLE{Colo:2015,
  author = {Vietnam Pereira, Cindy Vega, Boris Quintana},
  title = {El factor para dignificar espacios de vivienda social se encuentra en la Domótica},
  journal = {Universidad Autónoma de Colombia},
  year = {2015},
}
%10
@ARTICLE{Ecuador:2017,
  author = {Acurio Maldonado, Santiago Alejandro, Benitez Quirola},
  title = {Implementación de un sistema Domótico para la Escuela de Sistemas aplicando tecnología X10},
  journal = {Universidad Católica del Ecuador},
  year = {2017},
}
%11
@ARTICLE{Andes:2011,
  author = {Geraldine Morales},
  title = {La domótica como herramienta para un mejor confort, seguridad y ahorro energético},
  journal = {Universidad de los Andes},
  year = {2011},
  volume = {32},
  pages = {39-42},
  number = {1},
}
%12
@ARTICLE{EI:2004,
  author = {Jose Manuel Huidobro Moya, Ramon Jesus Millan Tejedor},
  title = {DOMOTICA: EDIFICIOS INTELIGENTES},
  journal = {CREACIONES COPYRIGHT},
  year = {2004},
}
%13
@ARTICLE{HT:2014,
  author = {Equipo de redactores de HOGARTEC},
  title = {La ‘inteligencia’ de las ciudades del mañana},
  journal = {HOGARTEC},
  year = {2014},
}
%14
@ARTICLE{Berg:2020,
  author = {Berg Insight},
  title = {Smart Cities: Connected Public Spaces},
  journal = {Berg Insight},
  year = {2020},
}
%15
@ARTICLE{Portal:2020,
  author = {Equipo de redactores de PORTALTIC},
  title = {La domótica crecerá un 300\% en España hasta 2024},
  journal = {PORTALTIC},
  year = {2020},
}
%16
@ARTICLE{Gira:2021,
  author = {Equipo de Gira},
  title = {Imagenes del Catálogo Gira},
  journal = {Gira Catalogue},
  year = {2021},
}
%16
@ARTICLE{GiraApp:2021,
  author = {Gira},
  title = {Imagenes del GPA},
  journal = {Gira Project Assistant},
  year = {2021},
}
%18
@ARTICLE{Zennio:2021,
  author = {Equipo de Zennio},
  title = {Imagenes del Catálogo Zennio},
  journal = {Catalogo Zennio},
  year = {2021},
}
%19
@ARTICLE{KNX:2021,
  author = {KNX Association},
  title = {Home and Building Management Systems},
  year = {2021},
}